
@article{,
	KEYWORDS=	{primary_literature},
  title={},
  author={},
  journal={},
  volume={},
  number={},
  pages={},
  year={},
  publisher={}
}